@book{geisshirt2007,
  title = {Pluggable Authentication Modules: The Definitive Guide to PAM for Linux Sysadmins and C Developers},
  author = {Geisshirt, Kenneth},
  year = {2007},
  publisher = {Packt Publishing},
  address = {Birmingham, UK}
}

@misc{ahonen2004,
  title = {Face Recognition with Local Binary Patterns},
  author = {Ahonen, Timo and Hadid, Abdenour and Pietik\"{a}inen, Matti},
  year = {2004},
  institution = {Machine Vision Group, Infotech Oulu, University of Oulu},
  address = {PO Box 4500, FIN-90014 University of Oulu, Finland},
  email = {tahonen,hadid,mkp@ee.oulu.fi},
  url = {http://www.ee.oulu.fi/mvg/}
}
